<record><leader>00000cas a22000007a 4500</leader><controlfield tag="001">17941209</controlfield><controlfield tag="008">880512d186u1871ohuwr ne      0    0eng d</controlfield><datafield ind1=" " ind2=" " tag="010"><subfield code="a">sn 88077468 </subfield></datafield><datafield ind1=" " ind2=" " tag="040"><subfield code="a">ONP</subfield><subfield code="b">eng</subfield><subfield code="c">ONP</subfield><subfield code="d">OCLCQ</subfield></datafield><datafield ind1=" " ind2=" " tag="042"><subfield code="a">msc</subfield></datafield><datafield ind1="0" ind2=" " tag="130"><subfield code="a">Western star (Lebanon, Warren County, Ohio : 1866)</subfield></datafield><datafield ind1="1" ind2="4" tag="245"><subfield code="a">The Western star.</subfield></datafield><datafield ind1=" " ind2=" " tag="260"><subfield code="a">Lebanon [Ohio] :</subfield><subfield code="b">S.W. Brown,</subfield><subfield code="c">-1871.</subfield></datafield><datafield ind1=" " ind2=" " tag="310"><subfield code="a">Weekly</subfield></datafield><datafield ind1="0" ind2=" " tag="362"><subfield code="a">-v. 65, no. 29 (Jan. 19, 1871).</subfield></datafield><datafield ind1=" " ind2=" " tag="588"><subfield code="a">Description based on: Vol. 60, no. 28 (Jan. 4, 1866).</subfield></datafield><datafield ind1=" " ind2=" " tag="752"><subfield code="a">United States</subfield><subfield code="b">Ohio</subfield><subfield code="c">Warren</subfield><subfield code="d">Lebanon.</subfield></datafield><datafield ind1="0" ind2="0" tag="780"><subfield code="t">Weekly western star (Lebanon, Warren County, Ohio : 1859)</subfield><subfield code="w">(DLC)sn 88077467</subfield><subfield code="w">(OCoLC)17941203</subfield></datafield><datafield ind1="0" ind2="0" tag="785"><subfield code="t">Weekly western star (Lebanon, Warren County, Ohio : 1871)</subfield><subfield code="w">(DLC)sn 88077469</subfield><subfield code="w">(OCoLC)17941214</subfield></datafield></record>